@inproceedings{ilg2017flownet,
  title={Flownet 2.0: Evolution of optical flow estimation with deep networks},
  author={Ilg, Eddy and Mayer, Nikolaus and Saikia, Tonmoy and Keuper, Margret and Dosovitskiy, Alexey and Brox, Thomas},
  booktitle={Proceedings of the IEEE conference on computer vision and pattern recognition},
  pages={2462--2470},
  year={2017}
}

@article{lotter2016deep,
  title={Deep predictive coding networks for video prediction and unsupervised learning},
  author={Lotter, William and Kreiman, Gabriel and Cox, David},
  journal={arXiv preprint arXiv:1605.08104},
  year={2016}
}

@ARTICLE{watanable2018illusory,
  AUTHOR={Watanabe, Eiji and Kitaoka, Akiyoshi and Sakamoto, Kiwako and Yasugi, Masaki and Tanaka, Kenta},
  TITLE={Illusory Motion Reproduced by Deep Neural Networks Trained for Prediction},
  JOURNAL={Frontiers in Psychology},
  VOLUME={9},
  PAGES={345},
  YEAR={2018},
  URL={https://www.frontiersin.org/article/10.3389/fpsyg.2018.00345},
  DOI={10.3389/fpsyg.2018.00345},
  ISSN={1664-1078}
}

@misc{williams2018optical,
  title={Optical Illusions Images Dataset},
  author={Robert Max Williams and Roman V. Yampolskiy},
  year={2018},
  eprint={1810.00415},
  archivePrefix={arXiv},
  primaryClass={cs.CV}
}
